<?xml version = "1.0" encoding = "UTF-8"?><OAI-PMH xmlns="http://www.openarchives.org/OAI/2.0/" xmlns:xsi="http://www.w3.org/2001/XMLSchema-instance" xsi:schemaLocation="http://www.openarchives.org/OAI/2.0/ http://www.openarchives.org/OAI/2.0/OAI-PMH.xsd"><ListRecords><record><header><identifier>aleph-publish:016623677</identifier></header><metadata><record xmlns="http://www.ddb.de/professionell/mabxml/mabxml-1.xsd"><leader>00790nM2.01200024------h</leader><controlfield tag="LDR">00790nM2.01200024------h</controlfield><controlfield tag="FMT">MH</controlfield><datafield tag="001" ind1="-" ind2="1"><subfield code="a">HT015516061</subfield></datafield><datafield tag="002" ind1="a" ind2="1"><subfield code="a">20080428</subfield></datafield><datafield tag="003" ind1="-" ind2="1"><subfield code="a">20221215161400.0</subfield></datafield><datafield tag="025" ind1="o" ind2="1"><subfield code="a">984716972</subfield></datafield><datafield tag="026" ind1="-" ind2="1"><subfield code="a">HBZHT015516061</subfield></datafield><controlfield tag="030">a|1dcz|z|||27</controlfield><datafield tag="036" ind1="a" ind2="1"><subfield code="a">DE</subfield></datafield><datafield tag="037" ind1="b" ind2="1"><subfield code="a">ger</subfield></datafield><controlfield tag="050">a|a|||||||||||</controlfield><controlfield tag="052">r||||||zz||||||</controlfield><datafield tag="070" ind1="-" ind2="1"><subfield code="a">5</subfield></datafield><datafield tag="070" ind1="b" ind2="1"><subfield code="a">361</subfield></datafield><datafield tag="080" ind1="-" ind2="1"><subfield code="a">60</subfield></datafield><datafield tag="200" ind1="-" ind2="1"><subfield code="k">Akademie der Wissenschaften in Göttingen</subfield><subfield code="9">(DE-588)2003658-9</subfield></datafield><datafield tag="201" ind1="-" ind2="1"><subfield code="k">Göttinger Akademie der Wissenschaften</subfield><subfield code="h">Akademie der Wissenschaften in Göttingen</subfield></datafield><datafield tag="201" ind1="-" ind2="1"><subfield code="k">Akademie</subfield><subfield code="h">Göttingen</subfield></datafield><datafield tag="201" ind1="-" ind2="1"><subfield code="k">Academia Litterarum Gottingensis</subfield></datafield><datafield tag="201" ind1="-" ind2="1"><subfield code="k">Academia Gottingensis</subfield></datafield><datafield tag="201" ind1="-" ind2="1"><subfield code="k">Academia Scientiarum Gottingensis</subfield></datafield><datafield tag="201" ind1="-" ind2="1"><subfield code="k">Academy of Sciences Göttingen</subfield><subfield code="h">Akademie der Wissenschaften in Göttingen</subfield></datafield><datafield tag="201" ind1="-" ind2="1"><subfield code="k">Academy of Sciences and Humanities</subfield><subfield code="h">Akademie der Wissenschaften in Göttingen</subfield></datafield><datafield tag="201" ind1="-" ind2="1"><subfield code="k">Göttingen Academy of Sciences and Humanities</subfield><subfield code="h">Akademie der Wissenschaften in Göttingen</subfield></datafield><datafield tag="201" ind1="-" ind2="1"><subfield code="k">Akademie der Wissenschaften zu Göttingen</subfield><subfield code="h">Akademie der Wissenschaften in Göttingen</subfield></datafield><datafield tag="201" ind1="-" ind2="1"><subfield code="k">Akademie der Wissenschaften zu Göttingen</subfield><subfield code="h">1941-2001</subfield></datafield><datafield tag="204" ind1="a" ind2="1"><subfield code="k">Akademie der Wissenschaften in Göttingen</subfield><subfield code="b">Philologisch-Historische Klasse</subfield><subfield code="9">(DE-588)2003674-7</subfield></datafield><datafield tag="205" ind1="-" ind2="1"><subfield code="k">Akademie der Wissenschaften in Göttingen</subfield><subfield code="b">Klasse</subfield><subfield code="n">1</subfield></datafield><datafield tag="331" ind1="a" ind2="1"><subfield code="a">Abhandlungen der Akademie der Wissenschaften zu Göttingen</subfield></datafield><datafield tag="370" ind1="a" ind2="1"><subfield code="a">NA</subfield></datafield><datafield tag="370" ind1="a" ind2="1"><subfield code="a">Neue Abhandlungen der Akademie der Wissenschaften zu Göttingen, Philologisch-Historische Klasse</subfield></datafield><datafield tag="370" ind1="a" ind2="1"><subfield code="a">ADW</subfield></datafield><datafield tag="370" ind1="a" ind2="1"><subfield code="a">Abhandlungen der Akademie der Wissenschaften zu Göttingen, Philologisch-Historische Klasse</subfield></datafield><datafield tag="405" ind1="-" ind2="1"><subfield code="a">N.F. 1.2008 -</subfield></datafield><datafield tag="410" ind1="-" ind2="1"><subfield code="a">Berlin ; New York, NY</subfield></datafield><datafield tag="412" ind1="-" ind2="1"><subfield code="a">de Gruyter</subfield></datafield><datafield tag="425" ind1="b" ind2="1"><subfield code="a">2008</subfield></datafield><datafield tag="505" ind1="-" ind2="1"><subfield code="p">Nebent.</subfield><subfield code="a">NA. - ADW</subfield></datafield><datafield tag="507" ind1="-" ind2="1"><subfield code="p">Hauptsacht. N.F. 1.2008 - 2.2008</subfield><subfield code="a">Neue Abhandlungen der Akademie der Wissenschaften zu Göttingen, Philologisch-Historische Klasse. Hauptsacht. N.F. 7.2009: Abhandlungen der Akademie der Wissenschaften zu Göttingen, Philologisch-Historische Klasse</subfield></datafield><datafield tag="509" ind1="-" ind2="1"><subfield code="p">Urheber N.F. 1.2008 - 2.2008</subfield><subfield code="a">Akademie der Wissenschaften zu Göttingen, Philologisch-Historische Klasse</subfield></datafield><datafield tag="523" ind1="-" ind2="1"><subfield code="a">Ersch. unregelmäßig</subfield></datafield><datafield tag="531" ind1="z" ind2="1"><subfield code="p">Vorg. ---&gt;</subfield><subfield code="a">Akademie der Wissenschaften &lt;Göttingen&gt; / Philologisch-Historische Klasse: Abhandlungen der Akademie der Wissenschaften zu Göttingen, Philologisch-Historische Klasse</subfield><subfield code="9">HT001233045</subfield></datafield><datafield tag="542" ind1="a" ind2="1"><subfield code="a">0930-4304</subfield></datafield><datafield tag="700" ind1="-" ind2="1"><subfield code="a">900</subfield></datafield><datafield tag="700" ind1="-" ind2="1"><subfield code="a">800</subfield></datafield><datafield tag="700" ind1="z" ind2="1"><subfield code="a">125</subfield></datafield><datafield tag="776" ind1="-" ind2="1"><subfield code="i">Erscheint auch als</subfield><subfield code="n">Online-Ausgabe</subfield><subfield code="t">Abhandlungen der Akademie der Wissenschaften zu Göttingen</subfield><subfield code="9">HT019163964</subfield></datafield><datafield tag="802" ind1="-" ind2="1"><subfield code="k">Akademie der Wissenschaften in Göttingen</subfield><subfield code="b">Philologisch-Historische Klasse</subfield><subfield code="9">(DE-588)2003674-7</subfield></datafield><datafield tag="803" ind1="-" ind2="1"><subfield code="k">Akademie der Wissenschaften in Göttingen</subfield><subfield code="b">Klasse</subfield><subfield code="n">1</subfield></datafield><datafield tag="805" ind1="b" ind2="1"><subfield code="a">Neue Abhandlungen der Akademie der Wissenschaften zu Göttingen, Philologisch-Historische Klasse</subfield></datafield><datafield tag="808" ind1="-" ind2="1"><subfield code="k">Akademie der Wissenschaften in Göttingen</subfield><subfield code="b">Philologisch-Historische Klasse</subfield><subfield code="9">(DE-588)2003674-7</subfield></datafield><datafield tag="809" ind1="-" ind2="1"><subfield code="k">Akademie der Wissenschaften in Göttingen</subfield><subfield code="b">Klasse</subfield><subfield code="n">1</subfield></datafield><datafield tag="811" ind1="b" ind2="1"><subfield code="a">Abhandlungen der Akademie der Wissenschaften zu Göttingen, Philologisch-Historische Klasse</subfield></datafield><controlfield tag="SYS">016623677</controlfield><datafield tag="LOW" ind1="-" ind2="1"><subfield code="a">B0001</subfield></datafield><datafield tag="LOW" ind1="-" ind2="1"><subfield code="a">B3001</subfield></datafield><datafield tag="LOW" ind1="-" ind2="1"><subfield code="a">B4011</subfield></datafield><datafield tag="LOW" ind1="-" ind2="1"><subfield code="a">K0001</subfield></datafield><datafield tag="LOW" ind1="-" ind2="1"><subfield code="a">Q0001</subfield></datafield><datafield tag="LOW" ind1="-" ind2="1"><subfield code="a">R0003</subfield></datafield><datafield tag="LOW" ind1="-" ind2="1"><subfield code="a">Q1064</subfield></datafield><datafield tag="LOW" ind1="-" ind2="1"><subfield code="a">B2001</subfield></datafield><datafield tag="LOW" ind1="-" ind2="1"><subfield code="a">Q1026</subfield></datafield><datafield tag="LOW" ind1="-" ind2="1"><subfield code="a">K1188</subfield></datafield><datafield tag="LOW" ind1="-" ind2="1"><subfield code="a">L0001</subfield></datafield><datafield tag="LOW" ind1="-" ind2="1"><subfield code="a">R0001</subfield></datafield><datafield tag="LOW" ind1="-" ind2="1"><subfield code="a">Q1004</subfield></datafield><datafield tag="LOW" ind1="-" ind2="1"><subfield code="a">Q1146</subfield></datafield><datafield tag="LOW" ind1="-" ind2="1"><subfield code="a">Q1049</subfield></datafield><datafield tag="LOW" ind1="-" ind2="1"><subfield code="a">Z9037</subfield></datafield><datafield tag="LOW" ind1="-" ind2="1"><subfield code="a">K1100</subfield></datafield><datafield tag="LOW" ind1="-" ind2="1"><subfield code="a">K1108</subfield></datafield><datafield tag="LOW" ind1="-" ind2="1"><subfield code="a">B4024</subfield></datafield><datafield tag="LOW" ind1="-" ind2="1"><subfield code="a">K1124</subfield></datafield><datafield tag="LOW" ind1="-" ind2="1"><subfield code="a">K1119</subfield></datafield><datafield tag="LOW" ind1="-" ind2="1"><subfield code="a">K1146</subfield></datafield><datafield tag="LOW" ind1="-" ind2="1"><subfield code="a">Q1024</subfield></datafield><datafield tag="LOW" ind1="-" ind2="1"><subfield code="a">K1067</subfield></datafield><datafield tag="LOW" ind1="-" ind2="1"><subfield code="a">Q1105</subfield></datafield><datafield tag="LOW" ind1="-" ind2="1"><subfield code="a">K1104</subfield></datafield><datafield tag="LOW" ind1="-" ind2="1"><subfield code="a">Q1160</subfield></datafield><datafield tag="LOW" ind1="-" ind2="1"><subfield code="a">K1056</subfield></datafield><datafield tag="LOW" ind1="-" ind2="1"><subfield code="a">K1064</subfield></datafield><datafield tag="LOW" ind1="-" ind2="1"><subfield code="a">K1062</subfield></datafield><datafield tag="088" ind1=" " ind2=" "><subfield code="a">466</subfield><subfield code="c">AFG1278-...</subfield><subfield code="e">keine Angabe</subfield></datafield><datafield tag="088" ind1=" " ind2=" "><subfield code="a">385</subfield><subfield code="c">a4056C</subfield><subfield code="e">Keine Angabe</subfield></datafield><datafield tag="088" ind1=" " ind2=" "><subfield code="a">38/409</subfield></datafield><datafield tag="088" ind1=" " ind2=" "><subfield code="a">5/14</subfield></datafield><datafield tag="088" ind1=" " ind2=" "><subfield code="a">38/208</subfield></datafield><datafield tag="088" ind1=" " ind2=" "><subfield code="a">38/405</subfield></datafield><datafield tag="088" ind1=" " ind2=" "><subfield code="a">575</subfield></datafield><datafield tag="088" ind1=" " ind2=" "><subfield code="a">361/NT</subfield></datafield><datafield tag="088" ind1=" " ind2=" "><subfield code="a">290/NT</subfield></datafield><datafield tag="088" ind1=" " ind2=" "><subfield code="a">5/34</subfield></datafield><datafield tag="088" ind1=" " ind2=" "><subfield code="a">5/95</subfield></datafield><datafield tag="088" ind1=" " ind2=" "><subfield code="a">386/NT</subfield></datafield><datafield tag="088" ind1=" " ind2=" "><subfield code="a">38/502</subfield></datafield><datafield tag="088" ind1=" " ind2=" "><subfield code="a">82/NT</subfield></datafield><datafield tag="088" ind1=" " ind2=" "><subfield code="a">Tr 2</subfield></datafield><datafield tag="088" ind1=" " ind2=" "><subfield code="a">5</subfield></datafield><datafield tag="088" ind1=" " ind2=" "><subfield code="a">Kn 28</subfield></datafield><datafield tag="088" ind1=" " ind2=" "><subfield code="a">294/39</subfield></datafield><datafield tag="088" ind1=" " ind2=" "><subfield code="a">Bm 3/2</subfield></datafield><datafield tag="088" ind1=" " ind2=" "><subfield code="a">121</subfield></datafield><datafield tag="088" ind1=" " ind2=" "><subfield code="a">294/11</subfield></datafield><datafield tag="088" ind1=" " ind2=" "><subfield code="a">38/420</subfield></datafield><datafield tag="088" ind1=" " ind2=" "><subfield code="a">38/401</subfield></datafield><datafield tag="088" ind1=" " ind2=" "><subfield code="a">61/NT</subfield></datafield><datafield tag="088" ind1=" " ind2=" "><subfield code="a">465/NT</subfield></datafield><datafield tag="088" ind1=" " ind2=" "><subfield code="a">468/NT</subfield></datafield><datafield tag="088" ind1=" " ind2=" "><subfield code="a">6/NT</subfield></datafield><datafield tag="088" ind1=" " ind2=" "><subfield code="a">294</subfield></datafield><datafield tag="088" ind1=" " ind2=" "><subfield code="a">38/216</subfield></datafield><datafield tag="088" ind1=" " ind2=" "><subfield code="a">107</subfield></datafield><datafield tag="088" ind1=" " ind2=" "><subfield code="a">38/214</subfield></datafield><datafield tag="088" ind1=" " ind2=" "><subfield code="a">38</subfield></datafield><datafield tag="088" ind1=" " ind2=" "><subfield code="a">467/NT</subfield></datafield><datafield tag="088" ind1=" " ind2=" "><subfield code="a">294/23</subfield></datafield><datafield tag="088" ind1=" " ind2=" "><subfield code="a">708/NT</subfield></datafield><datafield tag="088" ind1=" " ind2=" "><subfield code="a">5/20</subfield></datafield><datafield tag="088" ind1=" " ind2=" "><subfield code="a">5/141</subfield></datafield><datafield tag="088" ind1=" " ind2=" "><subfield code="a">294/36</subfield></datafield><datafield tag="088" ind1=" " ind2=" "><subfield code="a">5/108</subfield></datafield><datafield tag="088" ind1=" " ind2=" "><subfield code="a">Kob 7</subfield></datafield><datafield tag="088" ind1=" " ind2=" "><subfield code="a">38/425</subfield></datafield><datafield tag="088" ind1=" " ind2=" "><subfield code="a">38/101</subfield></datafield><datafield tag="088" ind1=" " ind2=" "><subfield code="a">929</subfield></datafield><datafield tag="088" ind1=" " ind2=" "><subfield code="a">51</subfield></datafield><datafield tag="088" ind1=" " ind2=" "><subfield code="a">5/74</subfield></datafield><datafield tag="088" ind1=" " ind2=" "><subfield code="a">5/184</subfield></datafield><datafield tag="088" ind1=" " ind2=" "><subfield code="a">38/219</subfield></datafield></record></metadata></record></ListRecords></OAI-PMH>